% Encoding: UTF-8

@Misc{Jeremiah2012,
  author   = {{Jeremiah}},
  month    = jun,
  title    = {Understanding {Quaternions}},
  year     = {2012},
  abstract = {Quaternions are used to represent an orientation in 3D space. This article attempts to demystify the complexities of quaternions.},
  journal  = {3D Game Engine Programming},
  language = {en-US},
  url      = {https://www.3dgep.com/understanding-quaternions/},
  urldate  = {2021-12-13},
}

@Comment{jabref-meta: databaseType:bibtex;}
